@article{salganik2015wiki,
  title={Wiki surveys: Open and quantifiable social data collection},
  author={Salganik, Matthew J and Levy, Karen EC},
  journal={PloS one},
  volume={10},
  number={5},
  pages={e0123483},
  year={2015},
  publisher={Public Library of Science}
}

@inproceedings{duchi2008efficient,
  title={Efficient projections onto the l 1-ball for learning in high dimensions},
  author={Duchi, John and Shalev-Shwartz, Shai and Singer, Yoram and Chandra, Tushar},
  booktitle={Proceedings of the 25th international conference on Machine learning},
  pages={272--279},
  year={2008},
  organization={ACM}
}

@article{lattimore2018bandit,
  title={Bandit algorithms},
  author={Lattimore, Tor and Szepesv{\'a}ri, Csaba},
  journal={preprint},
  pages={28},
  year={2018}
}