@article {hernan18,
	author = {Hern{\'a}n, Miguel A},
	title = {How to estimate the effect of treatment duration on survival outcomes using observational data},
	volume = {360},
	elocation-id = {k182},
	year = {2018},
	doi = {10.1136/bmj.k182},
	publisher = {BMJ Publishing Group Ltd},
	issn = {0959-8138},
	URL = {https://www.bmj.com/content/360/bmj.k182},
	eprint = {https://www.bmj.com/content/360/bmj.k182.full.pdf},
	journal = {BMJ}
}

@article {chinazzi19,
	author = {Matteo Chinazzi et al.},
	title = {The effect of travel restrictions on the spread of the 2019 novel coronavirus (COVID-19) outbreak},
	elocation-id = {eaba9757},
	year = {2020},
	doi = {10.1126/science.aba9757},
	publisher = {American Association for the Advancement of Science},
	issn = {0036-8075},
	URL = {https://science.sciencemag.org/content/early/2020/03/05/science.aba9757},
	eprint = {https://science.sciencemag.org/content/early/2020/03/05/science.aba9757.full.pdf},
	journal = {Science}
}